% References for ARTEMIS paper - Novel theoretical contributions beyond HAWK

% Primary reference - HAWK framework that we're improving upon
@article{hawk2025,
  title={HAWK: A Hierarchical Workflow Framework for Multi-Agent Collaboration},
  author={Cheng, Yuyang and Xu, Yumiao and Yu, Chaojia and Zhao, Yong},
  journal={arXiv preprint arXiv:2507.04067v1},
  year={2025}
}

% Byzantine Fault Tolerance - Foundational Papers
@article{castro1999practical,
  title={Practical Byzantine fault tolerance},
  author={Castro, Miguel and Liskov, Barbara},
  journal={ACM Transactions on Computer Systems},
  volume={17},
  number={4},
  pages={398--461},
  year={1999},
  publisher={ACM}
}

@inproceedings{lamport1982byzantine,
  title={The Byzantine generals problem},
  author={Lamport, Leslie and Shostak, Robert and Pease, Marshall},
  journal={ACM Transactions on Programming Languages and Systems},
  volume={4},
  number={3},
  pages={382--401},
  year={1982}
}

@article{yin2019hotstuff,
  title={HotStuff: BFT consensus with linearity and responsiveness},
  author={Yin, Maofan and Malkhi, Dahlia and Reiter, Michael K and Golan-Gueta, Guy and Abraham, Ittai},
  booktitle={Proceedings of the 2019 ACM symposium on principles of distributed computing},
  pages={347--356},
  year={2019}
}

@article{bracha1987asynchronous,
  title={Asynchronous Byzantine agreement protocols},
  author={Bracha, Gabriel},
  journal={Information and Computation},
  volume={75},
  number={2},
  pages={130--143},
  year={1987}
}

% Modern Byzantine consensus improvements
@inproceedings{buchman2018latest,
  title={The latest gossip on BFT consensus},
  author={Buchman, Ethan and Kwon, Jae and Milosevic, Zarko},
  journal={arXiv preprint arXiv:1807.04938},
  year={2018}
}

% Federated Learning - Core Papers
@inproceedings{mcmahan2017federated,
  title={Communication-efficient learning of deep networks from decentralized data},
  author={McMahan, Brendan and Moore, Eider and Ramage, Daniel and Hampson, Seth and y Arcas, Blaise Aguera},
  booktitle={Artificial intelligence and statistics},
  pages={1273--1282},
  year={2017}
}

@article{li2020federated,
  title={Federated optimization in heterogeneous networks},
  author={Li, Tian and Sahu, Anit Kumar and Talwalkar, Ameet and Smith, Virginia},
  journal={Proceedings of Machine Learning and Systems},
  volume={2},
  pages={429--450},
  year={2020}
}

@inproceedings{kairouz2021advances,
  title={Advances and open problems in federated learning},
  author={Kairouz, Peter and McMahan, H Brendan and Avent, Brendan and Bellet, Aur{\'e}lien and Bennis, Mehdi and Bhagoji, Arjun Nitin and Bonawitz, Keith and Charles, Zachary and Cormode, Graham and Cummings, Rachel and others},
  journal={Foundations and Trends{\textregistered} in Machine Learning},
  volume={14},
  number={1--2},
  pages={1--210},
  year={2021}
}

% Meta-Learning
@inproceedings{finn2017model,
  title={Model-agnostic meta-learning for fast adaptation of deep networks},
  author={Finn, Chelsea and Abbeel, Pieter and Levine, Sergey},
  booktitle={International conference on machine learning},
  pages={1126--1135},
  year={2017}
}

@article{hospedales2021meta,
  title={Meta-learning in neural networks: A survey},
  author={Hospedales, Timothy and Antoniou, Antreas and Micaelli, Paul and Storkey, Amos},
  journal={IEEE transactions on pattern analysis and machine intelligence},
  volume={44},
  number={9},
  pages={5149--5169},
  year={2021}
}

% Differential Privacy
@inproceedings{dwork2006calibrating,
  title={Calibrating noise to sensitivity in private data analysis},
  author={Dwork, Cynthia and McSherry, Frank and Nissim, Kobbi and Smith, Adam},
  booktitle={Theory of cryptography conference},
  pages={265--284},
  year={2006}
}

@inproceedings{abadi2016deep,
  title={Deep learning with differential privacy},
  author={Abadi, Martin and Chu, Andy and Goodfellow, Ian and McMahan, H Brendan and Mironov, Ilya and Talwar, Kunal and Zhang, Li},
  booktitle={Proceedings of the 2016 ACM SIGSAC conference on computer and communications security},
  pages={308--318},
  year={2016}
}

% Formal Verification and Model Checking
@book{clarke1999model,
  title={Model checking},
  author={Clarke, Edmund M and Grumberg, Orna and Peled, Doron},
  year={1999},
  publisher={MIT press}
}

@article{holzmann1997model,
  title={The model checker SPIN},
  author={Holzmann, Gerard J},
  journal={IEEE Transactions on software engineering},
  volume={23},
  number={5},
  pages={279--295},
  year={1997}
}

@inproceedings{kwiatkowska2011prism,
  title={PRISM 4.0: Verification of probabilistic real-time systems},
  author={Kwiatkowska, Marta and Norman, Gethin and Parker, David},
  booktitle={International conference on computer aided verification},
  pages={585--591},
  year={2011}
}

@article{clarke2003counterexample,
  title={Counterexample-guided abstraction refinement for symbolic model checking},
  author={Clarke, Edmund and Grumberg, Orna and Jha, Somesh and Lu, Yuan and Veith, Helmut},
  journal={Journal of the ACM},
  volume={50},
  number={5},
  pages={752--794},
  year={2003}
}

% Temporal Logic
@article{pnueli1977temporal,
  title={The temporal logic of programs},
  author={Pnueli, Amir},
  booktitle={18th Annual Symposium on Foundations of Computer Science},
  pages={46--57},
  year={1977}
}

@book{emerson1990temporal,
  title={Temporal and modal logic},
  author={Emerson, E Allen},
  journal={Handbook of theoretical computer science},
  volume={2},
  pages={995--1072},
  year={1990}
}

% Game Theory and Mechanism Design
@book{myerson1991game,
  title={Game theory: analysis of conflict},
  author={Myerson, Roger B},
  year={1991},
  publisher={Harvard university press}
}

@article{vickrey1961counterspeculation,
  title={Counterspeculation, auctions, and competitive sealed tenders},
  author={Vickrey, William},
  journal={The Journal of finance},
  volume={16},
  number={1},
  pages={8--37},
  year={1961}
}

@article{clarke1971multipart,
  title={Multipart pricing of public goods},
  author={Clarke, Edward H},
  journal={Public choice},
  volume={11},
  number={1},
  pages={17--33},
  year={1971}
}

@book{nisan2007algorithmic,
  title={Algorithmic game theory},
  author={Nisan, Noam and Roughgarden, Tim and Tardos, Eva and Vazirani, Vijay V},
  year={2007},
  publisher={Cambridge university press}
}

% Multi-Agent Reinforcement Learning
@article{zhang2021multi,
  title={Multi-agent reinforcement learning: A selective overview of theories and algorithms},
  author={Zhang, Kaiqing and Yang, Zhuoran and Ba≈üar, Tamer},
  journal={Handbook of reinforcement learning and control},
  pages={321--384},
  year={2021}
}

@article{tampuu2017multiagent,
  title={Multiagent deep reinforcement learning with extremely sparse rewards},
  author={Tampuu, Ardi and Matiisen, Tambet and Kodelja, Dorian and Kuzovkin, Ilya and Korjus, Kristjan and Aru, Juhan and Aru, Jaan and Vicente, Raul},
  journal={arXiv preprint arXiv:1707.01068},
  year={2017}
}

@inproceedings{foerster2018counterfactual,
  title={Counterfactual multi-agent policy gradients},
  author={Foerster, Jakob and Farquhar, Gregory and Afouras, Triantafyllos and Nardelli, Nantas and Whiteson, Shimon},
  booktitle={Proceedings of the AAAI conference on artificial intelligence},
  volume={32},
  year={2018}
}

% Consensus Algorithms
@article{raft2014,
  title={In search of an understandable consensus algorithm},
  author={Ongaro, Diego and Ousterhout, John},
  booktitle={2014 USENIX annual technical conference},
  pages={305--319},
  year={2014}
}

@article{lamport1998part,
  title={The part-time parliament},
  author={Lamport, Leslie},
  journal={ACM Transactions on Computer Systems},
  volume={16},
  number={2},
  pages={133--169},
  year={1998}
}

% Cryptographic Primitives
@inproceedings{boneh2001short,
  title={Short signatures from the Weil pairing},
  author={Boneh, Dan and Lynn, Ben and Shacham, Hovav},
  booktitle={International Conference on the Theory and Application of Cryptology and Information Security},
  pages={514--532},
  year={2001}
}

@article{shamir1979share,
  title={How to share a secret},
  author={Shamir, Adi},
  journal={Communications of the ACM},
  volume={22},
  number={11},
  pages={612--613},
  year={1979}
}

% Performance and Scalability
@article{dean2008mapreduce,
  title={MapReduce: simplified data processing on large clusters},
  author={Dean, Jeffrey and Ghemawat, Sanjay},
  journal={Communications of the ACM},
  volume={51},
  number={1},
  pages={107--113},
  year={2008}
}

@inproceedings{zaharia2010spark,
  title={Spark: Cluster computing with working sets},
  author={Zaharia, Matei and Chowdhury, Mosharaf and Franklin, Michael J and Shenker, Scott and Stoica, Ion},
  booktitle={2nd USENIX Workshop on Hot Topics in Cloud Computing},
  year={2010}
}

% Optimization and Convergence
@book{boyd2004convex,
  title={Convex optimization},
  author={Boyd, Stephen and Vandenberghe, Lieven},
  year={2004},
  publisher={Cambridge university press}
}

@article{nesterov1983method,
  title={A method for unconstrained convex minimization problem with the rate of convergence O(1/k2)},
  author={Nesterov, Yurii},
  journal={Doklady ANSSSR},
  volume={269},
  pages={543--547},
  year={1983}
}

@article{kingma2014adam,
  title={Adam: A method for stochastic optimization},
  author={Kingma, Diederik P and Ba, Jimmy},
  journal={arXiv preprint arXiv:1412.6980},
  year={2014}
}

% Related Multi-Agent Frameworks for Comparison
@misc{langgraph2024,
  title={LangGraph: Building stateful, multi-actor applications with LLMs},
  author={LangChain Team},
  year={2024},
  howpublished={\url{https://github.com/langchain-ai/langgraph}},
  note={Accessed: 2024-08-20}
}

@misc{crewai2024,
  title={CrewAI: Cutting-edge framework for orchestrating role-playing, autonomous AI agents},
  author={CrewAI Team},
  year={2024},
  howpublished={\url{https://github.com/joaomdmoura/crewAI}},
  note={Accessed: 2024-08-20}
}

@article{wu2023autogen,
  title={AutoGen: Enabling Next-Gen LLM Applications via Multi-Agent Conversation},
  author={Wu, Qingyun and Bansal, Gagan and Zhang, Jieyu and Wu, Yiran and Li, Beibin and Zhu, Erkang and Jiang, Li and Zhang, Xiaoyun and Zhang, Shaokun and Liu, Jiale and others},
  journal={arXiv preprint arXiv:2308.08155},
  year={2023}
}

% Security and Robustness
@article{goodfellow2014explaining,
  title={Explaining and harnessing adversarial examples},
  author={Goodfellow, Ian J and Shlens, Jonathon and Szegedy, Christian},
  journal={arXiv preprint arXiv:1412.6572},
  year={2014}
}

@inproceedings{madry2017towards,
  title={Towards deep learning models resistant to adversarial attacks},
  author={Madry, Aleksander and Makelov, Aleksandar and Schmidt, Ludwig and Tsipras, Dimitris and Vladu, Adrian},
  journal={arXiv preprint arXiv:1706.06083},
  year={2017}
}

% Applications and Case Studies
@article{silver2016mastering,
  title={Mastering the game of Go with deep neural networks and tree search},
  author={Silver, David and Huang, Aja and Maddison, Chris J and Guez, Arthur and Sifre, Laurent and Van Den Driessche, George and Schrittwieser, Julian and Antonoglou, Ioannis and Panneershelvam, Veda and Lanctot, Marc and others},
  journal={nature},
  volume={529},
  number={7587},
  pages={484--489},
  year={2016}
}

@article{vinyals2019grandmaster,
  title={Grandmaster level in StarCraft II using multi-agent reinforcement learning},
  author={Vinyals, Oriol and Babuschkin, Igor and Czarnecki, Wojciech M and Mathieu, Micha{\"e}l and Dudzik, Andrew and Chung, Junyoung and Choi, David H and Powell, Richard and Ewalds, Timo and Georgiev, Petko and others},
  journal={Nature},
  volume={575},
  number={7782},
  pages={350--354},
  year={2019}
}

% Distributed Systems Theory
@book{lynch1996distributed,
  title={Distributed algorithms},
  author={Lynch, Nancy A},
  year={1996},
  publisher={Morgan kaufmann}
}

@article{fischer1985impossibility,
  title={Impossibility of distributed consensus with one faulty process},
  author={Fischer, Michael J and Lynch, Nancy A and Paterson, Michael S},
  journal={Journal of the ACM},
  volume={32},
  number={2},
  pages={374--382},
  year={1985}
}