% References for ARTEMIS Paper - Interactive Development
% This file will be expanded incrementally as we develop each section

% Byzantine Fault Tolerance - Foundational Papers
@article{castro1999practical,
  title={Practical Byzantine fault tolerance},
  author={Castro, Miguel and Liskov, Barbara},
  journal={ACM Transactions on Computer Systems},
  volume={17},
  number={4},
  pages={398--461},
  year={1999},
  publisher={ACM}
}

@inproceedings{lamport1982byzantine,
  title={The Byzantine generals problem},
  author={Lamport, Leslie and Shostak, Robert and Pease, Marshall},
  journal={ACM Transactions on Programming Languages and Systems},
  volume={4},
  number={3},
  pages={382--401},
  year={1982}
}

@article{yin2019hotstuff,
  title={HotStuff: BFT consensus with linearity and responsiveness},
  author={Yin, Maofan and Malkhi, Dahlia and Reiter, Michael K and Golan-Gueta, Guy and Abraham, Ittai},
  booktitle={Proceedings of the 2019 ACM symposium on principles of distributed computing},
  pages={347--356},
  year={2019}
}

% Federated Learning - Core Papers
@inproceedings{mcmahan2017federated,
  title={Communication-efficient learning of deep networks from decentralized data},
  author={McMahan, Brendan and Moore, Eider and Ramage, Daniel and Hampson, Seth and y Arcas, Blaise Aguera},
  booktitle={Artificial intelligence and statistics},
  pages={1273--1282},
  year={2017}
}

@article{li2020federated,
  title={Federated optimization in heterogeneous networks},
  author={Li, Tian and Sahu, Anit Kumar and Talwalkar, Ameet and Smith, Virginia},
  journal={Proceedings of Machine Learning and Systems},
  volume={2},
  pages={429--450},
  year={2020}
}

@inproceedings{kairouz2021advances,
  title={Advances and open problems in federated learning},
  author={Kairouz, Peter and McMahan, H Brendan and Avent, Brendan and others},
  journal={Foundations and Trends in Machine Learning},
  volume={14},
  number={1--2},
  pages={1--210},
  year={2021}
}

% Differential Privacy
@inproceedings{dwork2006calibrating,
  title={Calibrating noise to sensitivity in private data analysis},
  author={Dwork, Cynthia and McSherry, Frank and Nissim, Kobbi and Smith, Adam},
  booktitle={Theory of cryptography conference},
  pages={265--284},
  year={2006}
}

@inproceedings{abadi2016deep,
  title={Deep learning with differential privacy},
  author={Abadi, Martin and Chu, Andy and Goodfellow, Ian and others},
  booktitle={Proceedings of the 2016 ACM SIGSAC conference on computer and communications security},
  pages={308--318},
  year={2016}
}

% Multi-Agent Reinforcement Learning
@article{zhang2021multi,
  title={Multi-agent reinforcement learning: A selective overview of theories and algorithms},
  author={Zhang, Kaiqing and Yang, Zhuoran and Ba{\c{s}}ar, Tamer},
  journal={Handbook of reinforcement learning and control},
  pages={321--384},
  year={2021}
}

@inproceedings{foerster2018counterfactual,
  title={Counterfactual multi-agent policy gradients},
  author={Foerster, Jakob and Farquhar, Gregory and Afouras, Triantafyllos and others},
  booktitle={Proceedings of the AAAI conference on artificial intelligence},
  volume={32},
  year={2018}
}

% Formal Verification
@book{clarke1999model,
  title={Model checking},
  author={Clarke, Edmund M and Grumberg, Orna and Peled, Doron},
  year={1999},
  publisher={MIT press}
}

@inproceedings{kwiatkowska2011prism,
  title={PRISM 4.0: Verification of probabilistic real-time systems},
  author={Kwiatkowska, Marta and Norman, Gethin and Parker, David},
  booktitle={International conference on computer aided verification},
  pages={585--591},
  year={2011}
}

% Temporal Logic
@article{pnueli1977temporal,
  title={The temporal logic of programs},
  author={Pnueli, Amir},
  booktitle={18th Annual Symposium on Foundations of Computer Science},
  pages={46--57},
  year={1977}
}

% Game Theory and Mechanism Design
@book{myerson1991game,
  title={Game theory: analysis of conflict},
  author={Myerson, Roger B},
  year={1991},
  publisher={Harvard university press}
}

@article{vickrey1961counterspeculation,
  title={Counterspeculation, auctions, and competitive sealed tenders},
  author={Vickrey, William},
  journal={The Journal of finance},
  volume={16},
  number={1},
  pages={8--37},
  year={1961}
}

% Meta-Learning
@inproceedings{finn2017model,
  title={Model-agnostic meta-learning for fast adaptation of deep networks},
  author={Finn, Chelsea and Abbeel, Pieter and Levine, Sergey},
  booktitle={International conference on machine learning},
  pages={1126--1135},
  year={2017}
}

% Multi-Agent Frameworks for Comparison
@misc{langgraph2024,
  title={LangGraph: Building stateful, multi-actor applications with LLMs},
  author={LangChain Team},
  year={2024},
  howpublished={\url{https://github.com/langchain-ai/langgraph}},
  note={Accessed: 2024-08-20}
}

@misc{crewai2024,
  title={CrewAI: Cutting-edge framework for orchestrating role-playing, autonomous AI agents},
  author={CrewAI Team},
  year={2024},
  howpublished={\url{https://github.com/joaomdmoura/crewAI}},
  note={Accessed: 2024-08-20}
}

@article{wu2023autogen,
  title={AutoGen: Enabling Next-Gen LLM Applications via Multi-Agent Conversation},
  author={Wu, Qingyun and Bansal, Gagan and Zhang, Jieyu and others},
  journal={arXiv preprint arXiv:2308.08155},
  year={2023}
}

% Additional BFT References
@inproceedings{kotla2009zyzzyva,
  title={Zyzzyva: speculative Byzantine fault tolerance},
  author={Kotla, Ramakrishna and Alvisi, Lorenzo and Dahlin, Mike and Clement, Allen and Wong, Edmund},
  booktitle={ACM SIGOPS Operating Systems Review},
  volume={41},
  number={6},
  pages={45--58},
  year={2007}
}

@inproceedings{veronese2013minbft,
  title={MinBFT: Efficient Byzantine fault tolerance for applications},
  author={Veronese, Giuliana Santos and Correia, Miguel and Bessani, Alysson Neves and Lung, Lau Cheuk and Verissimo, Paulo},
  booktitle={2013 43rd Annual IEEE/IFIP International Conference on Dependable Systems and Networks},
  pages={1--12},
  year={2013}
}

@article{bessani2014state,
  title={State machine replication for the masses with BFT-SMART},
  author={Bessani, Alysson and Sousa, Joao and Alchieri, Eduardo EP},
  journal={2014 44th Annual IEEE/IFIP International Conference on Dependable Systems and Networks},
  pages={355--362},
  year={2014}
}

@inproceedings{gilad2017algorand,
  title={Algorand: Scaling Byzantine agreements for cryptocurrencies},
  author={Gilad, Yossi and Hemo, Rotem and Micali, Silvio and Vlachos, Georgios and Zeldovich, Nickolai},
  booktitle={Proceedings of the 26th symposium on operating systems principles},
  pages={51--68},
  year={2017}
}

@article{kwon2014tendermint,
  title={Tendermint: Consensus without mining},
  author={Kwon, Jae},
  journal={Draft v. 0.6, fall},
  volume={1},
  number={11},
  year={2014}
}

% Additional Federated Learning References
@inproceedings{karimireddy2020scaffold,
  title={SCAFFOLD: Stochastic controlled averaging for federated learning},
  author={Karimireddy, Sai Praneeth and Kale, Satyen and Mohri, Mehryar and Reddi, Sashank and Stich, Sebastian and Suresh, Ananda Theertha},
  booktitle={International conference on machine learning},
  pages={5132--5143},
  year={2020}
}

@inproceedings{sahu2018convergence,
  title={On the convergence of federated optimization in heterogeneous networks},
  author={Sahu, Anit Kumar and Li, Tian and Sanjabi, Maziar and Zaheer, Manzil and Talwalkar, Ameet and Smith, Virginia},
  journal={arXiv preprint arXiv:1812.06127},
  year={2018}
}

@inproceedings{blanchard2017machine,
  title={Machine learning with adversaries: Byzantine tolerant gradient descent},
  author={Blanchard, Peva and El Mhamdi, El Mahdi and Guerraoui, Rachid and Stainer, Julien},
  booktitle={Advances in neural information processing systems},
  pages={119--129},
  year={2017}
}

@inproceedings{chen2017distributed,
  title={Distributed statistical machine learning in adversarial settings: Byzantine gradient descent},
  author={Chen, Yudong and Su, Lili and Xu, Jiaming},
  journal={Proceedings of the ACM on Measurement and Analysis of Computing Systems},
  volume={1},
  number={2},
  pages={1--25},
  year={2017}
}

% Additional MARL References
@article{tampuu2017multiagent,
  title={Multiagent deep reinforcement learning with extremely sparse rewards},
  author={Tampuu, Ardi and Matiisen, Tambet and Kodelja, Dorian and Kuzovkin, Ilya and Korjus, Kristjan and Aru, Juhan and Aru, Jaan and Vicente, Raul},
  journal={arXiv preprint arXiv:1707.01068},
  year={2017}
}

@inproceedings{lowe2017multi,
  title={Multi-agent actor-critic for mixed cooperative-competitive environments},
  author={Lowe, Ryan and Wu, Yi I and Tamar, Aviv and Harb, Jean and Pieter Abbeel, OpenAI and Mordatch, Igor},
  booktitle={Advances in neural information processing systems},
  pages={6379--6390},
  year={2017}
}

@inproceedings{rashid2018qmix,
  title={QMIX: Monotonic value function factorisation for deep multi-agent reinforcement learning},
  author={Rashid, Tabish and Samvelyan, Mikayel and Schroeder, Christian and Farquhar, Gregory and Foerster, Jakob and Whiteson, Shimon},
  booktitle={International conference on machine learning},
  pages={4295--4304},
  year={2018}
}

@article{vinyals2019grandmaster,
  title={Grandmaster level in StarCraft II using multi-agent reinforcement learning},
  author={Vinyals, Oriol and Babuschkin, Igor and Czarnecki, Wojciech M and others},
  journal={Nature},
  volume={575},
  number={7782},
  pages={350--354},
  year={2019}
}

% Formal Verification Additional References
@article{clarke2018model,
  title={Model checking and the state explosion problem},
  author={Clarke, Edmund M and Klieber, William and Nov{\'a}{\v{c}}ek, Milo{\v{s}} and Zuliani, Paolo},
  journal={Tools for Practical Software Verification},
  pages={1--30},
  year={2012}
}

@book{holzmann2003spin,
  title={The SPIN model checker: primer and reference manual},
  author={Holzmann, Gerard J},
  volume={1003},
  year={2003},
  publisher={Addison-Wesley Reading}
}

@article{lamport2002specifying,
  title={Specifying systems: the TLA+ language and tools for hardware and software engineers},
  author={Lamport, Leslie},
  year={2002},
  publisher={Addison-Wesley Longman Publishing Co., Inc.}
}

% Additional theoretical foundations for enhanced problem formulation
@article{dolev1985bounds,
  title={Bounds on information exchange for Byzantine agreement},
  author={Dolev, Danny and Reischuk, R{\"u}diger},
  journal={Journal of the ACM},
  volume={32},
  number={1},
  pages={191--204},
  year={1985}
}

@inproceedings{bracha1987asynchronous,
  title={Asynchronous Byzantine agreement protocols},
  author={Bracha, Gabriel},
  journal={Information and Computation},
  volume={75},
  number={2},
  pages={130--143},
  year={1987}
}

@article{lynch1996distributed,
  title={Distributed algorithms},
  author={Lynch, Nancy A},
  year={1996},
  publisher={Morgan kaufmann}
}

@article{fischer1985impossibility,
  title={Impossibility of distributed consensus with one faulty process},
  author={Fischer, Michael J and Lynch, Nancy A and Paterson, Michael S},
  journal={Journal of the ACM},
  volume={32},
  number={2},
  pages={374--382},
  year={1985}
}

@inproceedings{andrew2021differentially,
  title={Differentially private learning with adaptive clipping},
  author={Andrew, Galen and Thakkar, Om and McMahan, H Brendan and Ramaswamy, Swaroop},
  booktitle={Thirty-Fifth Conference on Neural Information Processing Systems},
  year={2021}
}

@inproceedings{mcmahan2018learning,
  title={Learning differentially private recurrent language models},
  author={McMahan, H Brendan and Ramage, Daniel and Talwar, Kunal and Zhang, Li},
  booktitle={International Conference on Learning Representations},
  year={2018}
}

@article{dwork2014algorithmic,
  title={The algorithmic foundations of differential privacy},
  author={Dwork, Cynthia and Roth, Aaron and others},
  journal={Foundations and Trends{\textregistered} in Theoretical Computer Science},
  volume={9},
  number={3--4},
  pages={211--407},
  year={2014}
}

% Additional references for architectural foundations
@inproceedings{jones1983tentative,
  title={Tentative steps toward a development method for interfering programs},
  author={Jones, Cliff B},
  journal={ACM Transactions on Programming Languages and Systems},
  volume={5},
  number={4},
  pages={596--619},
  year={1983}
}

@article{clarke1989compositional,
  title={Compositional model checking},
  author={Clarke, Edmund M and Long, David E and McMillan, Kenneth L},
  booktitle={Proceedings of the fourth annual symposium on Logic in computer science},
  pages={353--362},
  year={1989}
}

@inproceedings{abadi2010logic,
  title={A logic of object-oriented programs},
  author={Abadi, Martin and Leino, K Rustan M},
  booktitle={Verification, model checking, and abstract interpretation},
  pages={11--26},
  year={1997}
}

@article{hoare1969axiomatic,
  title={An axiomatic basis for computer programming},
  author={Hoare, Charles Antony Richard},
  journal={Communications of the ACM},
  volume={12},
  number={10},
  pages={576--580},
  year={1969}
}

@inproceedings{boneh2001short,
  title={Short signatures from the Weil pairing},
  author={Boneh, Dan and Lynn, Ben and Shacham, Hovav},
  booktitle={International Conference on the Theory and Application of Cryptology and Information Security},
  pages={514--532},
  year={2001}
}

@article{shamir1979share,
  title={How to share a secret},
  author={Shamir, Adi},
  journal={Communications of the ACM},
  volume={22},
  number={11},
  pages={612--613},
  year={1979}
}

@inproceedings{cachin2001secure,
  title={Secure intrusion-tolerant replication on the Internet},
  author={Cachin, Christian and Kursawe, Klaus and Petzold, Frank and Shoup, Victor},
  booktitle={2002 International Conference on Dependable Systems and Networks},
  pages={167--176},
  year={2002}
}

% Additional consensus protocol references
@article{dwork1988consensus,
  title={Consensus in the presence of partial synchrony},
  author={Dwork, Cynthia and Lynch, Nancy and Stockmeyer, Larry},
  journal={Journal of the ACM},
  volume={35},
  number={2},
  pages={288--323},
  year={1988}
}

@inproceedings{malkhi2005concise,
  title={A high-throughput secure reliable multicast protocol},
  author={Malkhi, Dahlia and Reiter, Michael},
  journal={Journal of Computer Security},
  volume={5},
  number={2},
  pages={113--127},
  year={1997}
}

@article{buchman2016tendermint,
  title={Tendermint: Byzantine fault tolerance in the age of blockchains},
  author={Buchman, Ethan},
  year={2016},
  url={https://tendermint.com/docs/tendermint.pdf}
}

@article{miller2016honey,
  title={The honey badger of BFT protocols},
  author={Miller, Andrew and Xia, Yu and Croman, Kyle and Shi, Elaine and Song, Dawn},
  booktitle={Proceedings of the 2016 ACM SIGSAC Conference on Computer and Communications Security},
  pages={31--42},
  year={2016}
}

@inproceedings{lamport2019byzantine,
  title={The Byzantine generals problem},
  author={Lamport, Leslie and Shostak, Robert and Pease, Marshall},
  journal={ACM Transactions on Programming Languages and Systems},
  volume={4},
  number={3},
  pages={382--401},
  year={1982}
}

@inproceedings{feldman1997optimal,
  title={An optimal probabilistic protocol for synchronous Byzantine agreement},
  author={Feldman, Paul and Micali, Silvio},
  journal={SIAM Journal on Computing},
  volume={26},
  number={4},
  pages={873--933},
  year={1997}
}

% Additional references will be added as we develop each section